<collection xmlns="http://www.loc.gov/MARC21/slim">
<record>
  <leader>01480nam0a22002891i 450 </leader>
  <controlfield tag="001">IT\ICCU\CNCE\058622</controlfield>
  <controlfield tag="005">20100330000000.0</controlfield>
  <datafield tag="100" ind1=" " ind2=" ">
    <subfield code="a">20040621d1600        0itac0103    ba</subfield>
  </datafield>
  <datafield tag="101" ind1=" " ind2=" ">
    <subfield code="a">ITA</subfield>
  </datafield>
  <datafield tag="102" ind1=" " ind2=" ">
    <subfield code="a">IT</subfield>
  </datafield>
  <datafield tag="200" ind1="1" ind2=" ">
    <subfield code="a">Dodici libri del gouerno di stato del caualier Ciro Spontone</subfield>
  </datafield>
  <datafield tag="210" ind1=" " ind2=" ">
    <subfield code="a">In Verona</subfield>
    <subfield code="c">\Angelo Tamo!</subfield>
    <subfield code="c">ad istanza di Gio. Battista Pigozzo</subfield>
    <subfield code="d">&amp; Andrea de&apos; Rossi</subfield>
    <subfield code="d">1600</subfield>
    <subfield code="e">In Verona</subfield>
    <subfield code="g">nella stamparia di Angelo Tamo</subfield>
    <subfield code="h">1600</subfield>
  </datafield>
  <datafield tag="215" ind1=" " ind2=" ">
    <subfield code="a">\48!, 389, \1! p.</subfield>
    <subfield code="d">4ʻ</subfield>
  </datafield>
  <datafield tag="300" ind1=" " ind2=" ">
    <subfield code="a">Var. B della 34746</subfield>
  </datafield>
  <datafield tag="620" ind1=" " ind2=" ">
    <subfield code="a">IT</subfield>
    <subfield code="d">Verona</subfield>
  </datafield>
  <datafield tag="700" ind1=" " ind2="1">
    <subfield code="a">Spontoni,</subfield>
    <subfield code="b">Ciro</subfield>
    <subfield code="3">IT\ICCU\CNCA\009415</subfield>
  </datafield>
  <datafield tag="712" ind1="0" ind2="0">
    <subfield code="a">Tamo, Angelo</subfield>
    <subfield code="3">IT\ICCU\CNCT\000263</subfield>
    <subfield code="4">650</subfield>
  </datafield>
  <datafield tag="712" ind1="0" ind2="0">
    <subfield code="a">Pigozzo, Giovanni Battista &amp; De_Rossi, Andrea</subfield>
    <subfield code="3">IT\ICCU\CNCT\002758</subfield>
    <subfield code="4">650</subfield>
  </datafield>
  <datafield tag="790" ind1=" " ind2="1">
    <subfield code="a">Spontone,</subfield>
    <subfield code="b">Ciro</subfield>
    <subfield code="3">IT\ICCU\CNCA\023817</subfield>
    <subfield code="z">Spontoni, Ciro</subfield>
  </datafield>
  <datafield tag="791" ind1="0" ind2="0">
    <subfield code="a">Tamus, Angelus</subfield>
    <subfield code="3">IT\ICCU\CNCT\005567</subfield>
    <subfield code="z">Tamo, Angelo</subfield>
  </datafield>
  <datafield tag="801" ind1=" " ind2="3">
    <subfield code="a">IT</subfield>
    <subfield code="b">ICCU</subfield>
    <subfield code="c">20201115</subfield>
  </datafield>
  <datafield tag="899" ind1=" " ind2=" ">
    <subfield code="a">Biblioteca civica Giovanni Canna. Casale Monferrato</subfield>
    <subfield code="1">AL0114</subfield>
    <subfield code="2">TO0 49</subfield>
  </datafield>
  <datafield tag="899" ind1=" " ind2=" ">
    <subfield code="a">Pontificia Biblioteca Antoniana. Padova</subfield>
    <subfield code="1">EX0020</subfield>
    <subfield code="2">PUV 78</subfield>
  </datafield>
  <datafield tag="899" ind1=" " ind2=" ">
    <subfield code="a">Biblioteca nazionale Braidense. Milano</subfield>
    <subfield code="1">MI0185</subfield>
    <subfield code="2">MIL NB</subfield>
  </datafield>
  <datafield tag="899" ind1=" " ind2=" ">
    <subfield code="a">Biblioteca universitaria. Padova</subfield>
    <subfield code="1">PD0158</subfield>
    <subfield code="2">PUV 00</subfield>
  </datafield>
  <datafield tag="911" ind1=" " ind2=" ">
    <subfield code="a">Sul front.</subfield>
    <subfield code="9">IT\ICCU\CNCM\000944</subfield>
  </datafield>
  <datafield tag="921" ind1=" " ind2=" ">
    <subfield code="a">IT\ICCU\CNCM\000944</subfield>
    <subfield code="b">Nido su albero con uccello che guarda verso il vento che soffia. In cornice figurata. In basso, in ovale un orso e tre stelle.</subfield>
    <subfield code="e">Hoc flante citius</subfield>
    <subfield code="c">V545</subfield>
    <subfield code="c">Z898</subfield>
    <subfield code="d">Dimensioni: 6 x 7</subfield>
    <subfield code="f">HOCFLANTEC</subfield>
    <subfield code="f">NIDO</subfield>
    <subfield code="f">UCCELLO</subfield>
    <subfield code="f">ORSO</subfield>
    <subfield code="f">VENTO</subfield>
    <subfield code="g">1598-1600</subfield>
  </datafield>
</record>
</collection>
